<record><leader>00000cas a22000007a 4500</leader><controlfield tag="001">13656902</controlfield><controlfield tag="008">860529d18721887nvudn ne      0    0eng d</controlfield><datafield ind1=" " ind2=" " tag="010"><subfield code="a">sn 86076172 </subfield></datafield><datafield ind1=" " ind2=" " tag="040"><subfield code="a">NNX</subfield><subfield code="b">eng</subfield><subfield code="c">NNX</subfield><subfield code="d">UNP</subfield><subfield code="d">NNX</subfield><subfield code="d">OCLCQ</subfield></datafield><datafield ind1=" " ind2=" " tag="042"><subfield code="a">msc</subfield></datafield><datafield ind1=" " ind2="4" tag="050"><subfield code="a">AN2.N3</subfield><subfield code="b">F66</subfield></datafield><datafield ind1="0" ind2=" " tag="130"><subfield code="a">Footlight (Virginia City, Nev.)</subfield></datafield><datafield ind1="1" ind2="4" tag="245"><subfield code="a">The Footlight.</subfield></datafield><datafield ind1="1" ind2="3" tag="246"><subfield code="a">Daily evening footlight</subfield></datafield><datafield ind1=" " ind2=" " tag="260"><subfield code="a">Virginia City, Nev. :</subfield><subfield code="b">[s.n.],</subfield><subfield code="c">-1887.</subfield></datafield><datafield ind1=" " ind2=" " tag="300"><subfield code="a">v.</subfield></datafield><datafield ind1=" " ind2=" " tag="310"><subfield code="a">Daily (except Sun.),</subfield><subfield code="b">Mar. 13, 1878-Jan. 25, 1887</subfield></datafield><datafield ind1=" " ind2=" " tag="321"><subfield code="a">Daily (except Sun.),</subfield><subfield code="b">&lt;Nov. 9, 1875&gt;-Feb. 16, 1878</subfield></datafield><datafield ind1=" " ind2=" " tag="321"><subfield code="a">Daily,</subfield><subfield code="b">Feb. 17, 1878-Mar. 12, 1878</subfield></datafield><datafield ind1="0" ind2=" " tag="362"><subfield code="a">-v. 4, no. 352 (Jan. 25, 1887).</subfield></datafield><datafield ind1="1" ind2=" " tag="362"><subfield code="a">Began in 1872.</subfield><subfield code="z">Cf. Lingenfelter, R. Newspapers of Nev., 1854-1979.</subfield></datafield><datafield ind1=" " ind2=" " tag="500"><subfield code="a">Publisher: &lt;Feb. 9, 1876&gt;-Sept. 6, 1877, Brown &amp; Mahanny; Sept. 27, 1880-Jan. 25, 1887, D.L. Brown.</subfield></datafield><datafield ind1=" " ind2=" " tag="500"><subfield code="a">"Democrat."</subfield></datafield><datafield ind1=" " ind2=" " tag="500"><subfield code="a">Suspended: Nov. 17, 1884-Oct. 12, 1886.</subfield></datafield><datafield ind1=" " ind2=" " tag="515"><subfield code="a">Numbering starts over: Mar. 15, 1881.</subfield></datafield><datafield ind1=" " ind2=" " tag="530"><subfield code="a">Microfilm available from Bay Microfilm.</subfield></datafield><datafield ind1=" " ind2=" " tag="588"><subfield code="a">Description based on: Vol. 8, no. 58 (Nov. 9, 1875); title from publisher's statement: Daily evening footlight, Mar. 15, 1881-Jan. 25, 1887.</subfield></datafield><datafield ind1=" " ind2=" " tag="752"><subfield code="a">United States</subfield><subfield code="b">Nevada</subfield><subfield code="c">Storey</subfield><subfield code="d">Virginia City.</subfield></datafield><datafield ind1="0" ind2="0" tag="785"><subfield code="t">Evening report (Virginia City, Nev.)</subfield><subfield code="w">(DLC)sn 86076107</subfield><subfield code="w">(OCoLC)13505928</subfield></datafield><datafield ind1="1" ind2=" " tag="029"><subfield code="a">AU@</subfield><subfield code="b">000023535676</subfield></datafield></record>